<record xmlns="http://www.loc.gov/MARC21/slim" xmlns:xsi="http://www.w3.org/2001/XMLSchema-instance" xsi:schemaLocation="http://www.loc.gov/MARC21/slim http://www.loc.gov/standards/marcxml/schema/MARC21slim.xsd"><leader>01192cz   2200253n  4500</leader><controlfield tag="001">oca00670760 </controlfield><controlfield tag="003">OCoLC</controlfield><controlfield tag="005">20051019131950.0</controlfield><controlfield tag="008">820126n| acannaab           |a aaa      </controlfield><datafield ind1=" " ind2=" " tag="010"><subfield code="a">n  81125846 </subfield></datafield><datafield ind1=" " ind2=" " tag="040"><subfield code="a">DLC</subfield><subfield code="c">DLC</subfield><subfield code="d">Uk</subfield><subfield code="d">DLC</subfield></datafield><datafield ind1=" " ind2="0" tag="053"><subfield code="a">PA8330.H8</subfield></datafield><datafield ind1="0" ind2="0" tag="100"><subfield code="a">Rabanus Maurus,</subfield><subfield code="c">Archbishop of Mainz,</subfield><subfield code="d">784?-856</subfield></datafield><datafield ind1="0" ind2="0" tag="400"><subfield code="w">nnaa</subfield><subfield code="a">Hrabanus Maurus,</subfield><subfield code="c">Abp.,</subfield><subfield code="d">784?-856</subfield></datafield><datafield ind1="0" ind2="0" tag="400"><subfield code="a">Hrabanus Maurus,</subfield><subfield code="c">Archbishop of Mainz,</subfield><subfield code="d">784?-856</subfield></datafield><datafield ind1="0" ind2="0" tag="400"><subfield code="a">Rabanus Magnentius Maurus,</subfield><subfield code="c">Archbishop of Mainz,</subfield><subfield code="d">784?-856</subfield></datafield><datafield ind1="0" ind2="0" tag="400"><subfield code="a">Raban Maur,</subfield><subfield code="c">Archbishop of Mainz,</subfield><subfield code="d">784?-856</subfield></datafield><datafield ind1="0" ind2="0" tag="400"><subfield code="a">Rhabanus Maurus,</subfield><subfield code="c">Archbishop of Mainz,</subfield><subfield code="d">784?-856</subfield></datafield><datafield ind1="0" ind2="0" tag="400"><subfield code="a">Mauro, Rabano,</subfield><subfield code="c">Archbishop of Mainz,</subfield><subfield code="d">784?-856</subfield></datafield><datafield ind1="0" ind2="0" tag="400"><subfield code="a">Einhard, Hraban,</subfield><subfield code="c">Archbishop of Mainz,</subfield><subfield code="d">784?-856</subfield></datafield><datafield ind1=" " ind2=" " tag="670"><subfield code="a">Enc. Amer.</subfield><subfield code="b">(Rabanus Maurus, also Hrabanus Maurus or Rhabanus Maurus, b. ?776, d. Feb. 4, 856)</subfield></datafield><datafield ind1=" " ind2=" " tag="670"><subfield code="a">Enc. Brit.</subfield><subfield code="b">(Rabanus (Hrabanus) Maurus, Magnentius (780-856))</subfield></datafield><datafield ind1=" " ind2=" " tag="670"><subfield code="a">New Cath. Ency.</subfield><subfield code="b">(Rabanus Maurus, Rabanus (Hrabanus, Rhabanus) Magnentius, Maurus, b. 776 (?784) d. 856)</subfield></datafield><datafield ind1=" " ind2=" " tag="670"><subfield code="a">Il Liber sanctae crucis di Rabano Mauro, c1999:</subfield><subfield code="b">t.p. (Rabano Mauro) cover p. 4 (d. 856) p. xv (Einhard, Hraban)</subfield></datafield></record>